<record><leader>00000cas a2200000 a 4500</leader><controlfield tag="001">11180547</controlfield><controlfield tag="008">840921d19261941ksuwr ne      0   a0eng d</controlfield><controlfield tag="009">3789</controlfield><datafield ind1=" " ind2=" " tag="010"><subfield code="a">sn 84029572 </subfield></datafield><datafield ind1=" " ind2=" " tag="040"><subfield code="a">KSH</subfield><subfield code="b">eng</subfield><subfield code="c">KSH</subfield><subfield code="d">NPT</subfield><subfield code="d">OCL</subfield></datafield><datafield ind1=" " ind2=" " tag="042"><subfield code="a">msc</subfield></datafield><datafield ind1="0" ind2="0" tag="245"><subfield code="a">Douglas County republican.</subfield></datafield><datafield ind1=" " ind2=" " tag="260"><subfield code="a">Lawrence, Kan. :</subfield><subfield code="b">Republican Pub. Co.,</subfield><subfield code="c">1926-1941.</subfield></datafield><datafield ind1=" " ind2=" " tag="300"><subfield code="a">15 v. :</subfield><subfield code="b">ill. ;</subfield><subfield code="c">57 cm.</subfield></datafield><datafield ind1=" " ind2=" " tag="310"><subfield code="a">Weekly</subfield></datafield><datafield ind1="0" ind2=" " tag="362"><subfield code="a">Vol. 1, no. 1 (Mar. 4, 1926)-v. 15, no. 44 (Jan. 2, 1941).</subfield></datafield><datafield ind1=" " ind2=" " tag="500"><subfield code="a">Published by Edwin F. Abels, July 19, 1934-Jan. 2, 1941.</subfield></datafield><datafield ind1=" " ind2=" " tag="752"><subfield code="a">United States</subfield><subfield code="b">Kansas</subfield><subfield code="c">Douglas</subfield><subfield code="d">Lawrence.</subfield></datafield><datafield ind1="0" ind2="0" tag="780"><subfield code="t">Outlook (Lawrence, Kan.)</subfield><subfield code="w">(DLC)sn 84029573</subfield></datafield></record>